% @book{ComputerNetworks:ASystemsApproach,
%   title={Computer Networks: A Systems Approach},
%   author={Larry L. Peterson, Bruce S. Davie},
%   year={2012},
%   publisher={"Elsevier, Inc"}
% }

% @book{CCNPROUTE642-902StudentGuideVol.2,
%   title={CCNP ROUTE 642-902 Student Guide Vol.2},
%   author={Wendell Odom},
%   year={2010},
%   publisher={"Cisco Press"}
% }

% @article{szemeredi1983extremal,
%   title={Extremal problems in discrete geometry},
%   author={Szemer{\'e}di, Endre and Trotter, William T.},
%   journal={Combinatorica},
%   volume={3},
%   number={3},
%   pages={381--392},
%   year={1983},
%   publisher={Springer}
% }